<record xmlns="http://www.loc.gov/MARC21/slim" xmlns:xsi="http://www.w3.org/2001/XMLSchema-instance" xsi:schemaLocation="http://www.loc.gov/MARC21/slim http://www.loc.gov/standards/marcxml/schema/MARC21slim.xsd"><leader>01436nam a2200301   4500</leader><controlfield tag="001">3063212</controlfield><controlfield tag="003">NNC</controlfield><controlfield tag="006">m        d        </controlfield><controlfield tag="007">cr cn |||m|||a</controlfield><controlfield tag="008">150223s1949    ua      o     000 0 ara d</controlfield><datafield ind1=" " ind2=" " tag="040"><subfield code="a">NNU</subfield><subfield code="b">eng</subfield><subfield code="c">NNU</subfield></datafield><datafield ind1="1" ind2=" " tag="100"><subfield code="6">880-01</subfield><subfield code="a">Qa&#772;d&#803;i&#772;, Muh&#803;ammad Mukhta&#772;r.</subfield></datafield><datafield ind1="1" ind2="3" tag="245"><subfield code="6">880-02</subfield><subfield code="a">al-Ra&#700;y fi&#772; al-fiqh al-Islami</subfield><subfield code="h">[electronic resource] /</subfield><subfield code="c">Mukhta&#772;r al-Qa&#772;d&#803;i&#772;.</subfield></datafield><datafield ind1=" " ind2=" " tag="260"><subfield code="6">880-03</subfield><subfield code="a">[al-Qa&#772;hirah,</subfield><subfield code="b">Mat&#803;ba&#699;at al-Fikrah]</subfield><subfield code="c">1368,1949.</subfield></datafield><datafield ind1=" " ind2=" " tag="300"><subfield code="a">online resource (268, 5 p.)</subfield></datafield><datafield ind1=" " ind2=" " tag="500"><subfield code="a">Part of the Arabic Collections Online (ACO) project, contributed by Columbia University Libraries.</subfield></datafield><datafield ind1=" " ind2=" " tag="533"><subfield code="a">Electronic reproduction.</subfield><subfield code="b">New York, N.Y. :</subfield><subfield code="c">New York University,</subfield><subfield code="d">2015.</subfield><subfield code="5">NNU</subfield></datafield><datafield ind1=" " ind2="0" tag="650"><subfield code="a">Islamic law</subfield><subfield code="x">Methodology.</subfield></datafield><datafield ind1=" " ind2="7" tag="650"><subfield code="a">Islamic law</subfield><subfield code="x">Methodology.</subfield><subfield code="2">fast</subfield><subfield code="0">(OCoLC)fst00979960</subfield></datafield><datafield ind1="2" ind2=" " tag="710"><subfield code="a">Columbia University.</subfield><subfield code="b">Libraries.</subfield></datafield><datafield ind1="0" ind2=" " tag="730"><subfield code="a">Arabic Collections Online.</subfield></datafield><datafield ind1="0" ind2="8" tag="776"><subfield code="i">Print version:</subfield><subfield code="a">Qa&#772;d&#803;i&#772;, Muh&#803;ammad Mukhta&#772;r.</subfield><subfield code="t">al-Ra&#700;y fi&#772; al-fiqh al-Islami</subfield><subfield code="w">(NNC)3063212</subfield><subfield code="w">(OCoLC)47755258</subfield></datafield><datafield ind1="4" ind2="0" tag="856"><subfield code="u">http://hdl.handle.net/2333.1/zcrjdhkg</subfield></datafield><datafield ind1="1" ind2=" " tag="880"><subfield code="6">100-01/r</subfield><subfield code="a">&#1602;&#1575;&#1590;&#1610;&#1548; &#1605;&#1581;&#1605;&#1583; &#1605;&#1582;&#1578;&#1575;&#1585;.</subfield></datafield><datafield ind1="1" ind2="2" tag="880"><subfield code="6">245-02/r</subfield><subfield code="a">&#1575;&#1604;&#1585;&#1571;&#1610; &#1601;&#1610; &#1575;&#1604;&#1601;&#1602;&#1607; &#1575;&#1604;&#1575;&#1587;&#1604;&#1605;</subfield><subfield code="c">&#1605;&#1582;&#1578;&#1575;&#1585; &#1575;&#1604;&#1602;&#1575;&#1590;&#1610;.</subfield></datafield><datafield ind1=" " ind2=" " tag="880"><subfield code="6">260-03/r</subfield><subfield code="a">[&#1575;&#1604;&#1602;&#1575;&#1607;&#1585;&#1577;&#1548;</subfield><subfield code="b">&#1605;&#1591;&#1576;&#1593;&#1577; &#1575;&#1604;&#1601;&#1603;&#1585;&#1577;]</subfield><subfield code="c">1368,1949.</subfield></datafield><datafield ind1=" " ind2=" " tag="959"><subfield code="a">NNU</subfield><subfield code="b">WEB</subfield><subfield code="c">GENI</subfield><subfield code="t">0</subfield><subfield code="m">Electronic access</subfield><subfield code="s">01</subfield></datafield><datafield ind1=" " ind2=" " tag="999"><subfield code="i">NNC_3063212</subfield><subfield code="o">(OCoLC)47755258</subfield><subfield code="s">columbia_aco000091</subfield></datafield></record>